%! Author = Frank
%! Date = 18/01/2020

@article{andrady2011microplastics,
    title={Microplastics in the marine environment},
    author={Andrady, Anthony L},
    journal={Marine pollution bulletin},
    volume={62},
    number={8},
    pages={1596--1605},
    year={2011},
    publisher={Elsevier}
}

@article{woodall2014deep,
    title={The deep sea is a major sink for microplastic debris},
    author={Woodall, Lucy C and Sanchez-Vidal, Anna and Canals, Miquel and Paterson, Gordon LJ and Coppock, Rachel and Sleight, Victoria and Calafat, Antonio and Rogers, Alex D and Narayanaswamy, Bhavani E and Thompson, Richard C},
    journal={Royal Society open science},
    volume={1},
    number={4},
    pages={140317},
    year={2014},
    publisher={The Royal Society Publishing}
}

@article{van2013microplastic,
    title={Microplastic pollution in deep-sea sediments},
    author={Van Cauwenberghe, Lisbeth and Vanreusel, Ann and Mees, Jan and Janssen, Colin R},
    journal={Environmental pollution},
    volume={182},
    pages={495--499},
    year={2013},
    publisher={Elsevier}
}

@article{efsa2016presence,
    title={Presence of microplastics and nanoplastics in food, with particular focus on seafood},
    author={EFSA Panel on Contaminants in the Food Chain (CONTAM)},
    journal={Efsa Journal},
    volume={14},
    number={6},
    pages={e04501},
    year={2016},
    publisher={Wiley Online Library}
}

@article{abbasi2018microplastics,
    title={Microplastics in different tissues of fish and prawn from the Musa Estuary, Persian Gulf},
    author={Abbasi, Sajjad and Soltani, Naghmeh and Keshavarzi, Behnam and Moore, Farid and Turner, Andrew and Hassanaghaei, Mina},
    journal={Chemosphere},
    volume={205},
    pages={80--87},
    year={2018},
    publisher={Elsevier}
}

@article{dris2017first,
    title={A first overview of textile fibers, including microplastics, in indoor and outdoor environments},
    author={Dris, Rachid and Gasperi, Johnny and Mirande, C{\'e}cile and Mandin, Corinne and Guerrouache, Mohamed and Langlois, Val{\'e}rie and Tassin, Bruno},
    journal={Environmental Pollution},
    volume={221},
    pages={453--458},
    year={2017},
    publisher={Elsevier}
}

@article{de2019contribution,
    title={The contribution of washing processes of synthetic clothes to microplastic pollution},
    author={De Falco, Francesca and Di Pace, Emilia and Cocca, Mariacristina and Avella, Maurizio},
    journal={Scientific reports},
    volume={9},
    number={1},
    pages={1--11},
    year={2019},
    publisher={Nature Publishing Group}
}

@article{dris2017first,
    title={A first overview of textile fibers, including microplastics, in indoor and outdoor environments},
    author={Dris, Rachid and Gasperi, Johnny and Mirande, C{\'e}cile and Mandin, Corinne and Guerrouache, Mohamed and Langlois, Val{\'e}rie and Tassin, Bruno},
    journal={Environmental Pollution},
    volume={221},
    pages={453--458},
    year={2017},
    publisher={Elsevier}
}

@article{yang2015microplastic,
    title={Microplastic pollution in table salts from China},
    author={Yang, Dongqi and Shi, Huahong and Li, Lan and Li, Jiana and Jabeen, Khalida and Kolandhasamy, Prabhu},
    journal={Environmental science \& technology},
    volume={49},
    number={22},
    pages={13622--13627},
    year={2015},
    publisher={ACS Publications}
}

@article{karami2017presence,
    title={The presence of microplastics in commercial salts from different countries},
    author={Karami, Ali and Golieskardi, Abolfazl and Choo, Cheng Keong and Larat, Vincent and Galloway, Tamara S and Salamatinia, Babak},
    journal={Scientific Reports},
    volume={7},
    pages={46173},
    year={2017},
    publisher={Nature Publishing Group}
}

@article{erni2017lost,
    title={Lost, but found with Nile Red: a novel method for detecting and quantifying small microplastics (1 mm to 20 $\mu$m) in environmental samples},
    author={Erni-Cassola, Gabriel and Gibson, Matthew I and Thompson, Richard C and Christie-Oleza, Joseph A},
    journal={Environmental science \& technology},
    volume={51},
    number={23},
    pages={13641--13648},
    year={2017},
    publisher={ACS Publications}
}
